@book{ColOgr2018,
author = {Colledanchise, Michele and Ogren, Petter},
title = {Behavior Trees in Robotics and AI: An Introduction},
publisher = {Chapman \& Hall/CRC Press},
year = {2018},
month = {07},
isbn = {9781138593732},
doi = {10.1201/9780429489105}
}

@masterthesis{Cuadrado2018,
  author = {Travila Cuadrado, Guillem},
  title  = {Behavior Tree Library},
  school = {Universitat Polit√®cnica de Catalunya},
  year   = {2018}
}